@phdthesis{rajesh2011a,
  title = {Highly Digital Power Efficient Techniques for Serial Links},
  language = {English},
    school   = {Oregon State University},
    author   = {Rajesh Inti},
    year     = {2012},
  pages = {127}
}

@misc{palermo2010a,
      author = "Samuel Palermo",
	  title = {{High-Speed Serial I/O Design for ChannelLimited
and Power-Constrained Systems}},
year     = {2010},
  pages = {57}
}

@misc{cressler2007a,
      author = "John D. Cressler",
	  title = {{Circuits and Applications Using Silicon Heterostructure Devices}},
	year     = {2007},
  publisher = "CRC press"
}

@misc{pcie_spec,
     author = "PCI-SIG",
	  title = {{PCI Express� Base Specification Revision 3.0}},
	year     = {2010},
	month = {11},
  publisher = "PCI-SIG"
}

@misc{designcon2011a,
     author = "Masashi Shimanouchi, Mike Peng Li and Daniel Chow",
	  title = {{PCI Express� Base Specification Revision 3.0}},
	year     = {2011},
  publisher = "DesignCon 2011"
}

@misc{menolfi2007a,
     author = "Christian Menolfi and others",
	  title = {{ A 16Gb/s Source-Series Terminated Transmitter
in 65nm CMOS SOI}},
	year     = {2007},
  publisher = "ISSCC 2007"
}



